@article{AKV15,
	title = {Implicit/inverse function theorems for free noncommutative functions},
	author = {Gulnara Abduvalieva and Dmitry S. Kaliuzhnyi-Verbovetskyi},
	journal = {Journal of Functional Analysis},
	volume = {269},
	number = {9},
	pages = {2813 - 2844},
	year = {2015},
	issn = {0022-1236},
	doi = {https://doi.org/10.1016/j.jfa.2015.07.011},
	url = {http://www.sciencedirect.com/science/article/pii/S0022123615003043},
	keywords = {Free noncommutative functions, Implicit/inverse function theorem, Operator spaces, Nilpotent matrices}
}


@article{AgMc16,
  title = {The implicit function theorem and free algebraic sets},
  author = {Jim Agler and John E. McCarthy},
  journal = {Trans. Amer. Math. Soc.},
  volume = {368},
  number = {5},
  pages = {3157--3175},
  year = {2016},
}




@article{Aug18,
	author = {Augat, Meric L.},
	title = {The free Grothendieck theorem},
	journal = {Proceedings of the London Mathematical Society},
	volume = {118},
	number = {4},
	pages = {787-825},
	keywords = {08B20, 47L25 (primary), 46L52, 47A56, 16L30 (secondary)},
	doi = {10.1112/plms.12200},
	url = {https://londmathsoc.onlinelibrary.wiley.com/doi/abs/10.1112/plms.12200},
	eprint = {https://londmathsoc.onlinelibrary.wiley.com/doi/pdf/10.1112/plms.12200},
	year = {2019}
}




@InProceedings{BMV18,
	author = {Ball, Joseph A. and Marx, Gregory and Vinnikov, Victor},
	editor = {Duduchava, Roland and Kaashoek, Marinus A. and Vasilevski, Nikolai and Vinnikov, Victor},
	title = {Interpolation and Transfer-function Realization for the Noncommutative Schur--Agler Class},
	booktitle = {Operator Theory in Different Settings and Related Applications},
	year = {2018},
	publisher = {Springer International Publishing},
	address = {Cham},
	pages = {23--116},
	isbn = {978-3-319-62527-0}
}




@article{BCW82,
	author = {Bass, Hyman and Connell, Edwin H. and Wright, David},
	fjournal = {Bulletin (New Series) of the American Mathematical Society},
	journal = {Bull. Amer. Math. Soc. (N.S.)},
	month = {09},
	number = {2},
	pages = {287--330},
	publisher = {American Mathematical Society},
	title = {The {J}acobian conjecture: {R}eduction of degree
	 and formal expansion of the inverse},
	volume = {7},
	year = {1982}
}


@article{Berg76,
	author = {Bergman, George M.},
	title = {Rational Relations and Rational Identities in Division Rings. I},
	journal = {Journal of Algebra},
	volume = {43},
	pages = {252-266},
	year = {1976},
}

@book{BerReu11,
	title={Noncommutative Rational Series with Applications},
	author={Berstel, J. and Reutenauer, C.},
	isbn={9780521190220},
	lccn={2010030398},
	series={Encyclopedia of Mathematics an},
	url={https://books.google.com/books?id=LL8Nhn72I\_8C},
	year={2011},
	publisher={Cambridge University Press}
}



@article{Cohn64,
	title = {Free ideal rings},
	journal = {Journal of Algebra},
	volume = {1},
	number = {1},
	pages = {47 - 69},
	year = {1964},
	issn = {0021-8693},
	doi = {https://doi.org/10.1016/0021-8693(64)90007-9},
	url = {http://www.sciencedirect.com/science/article/pii/0021869364900079},
	author = {P.M Cohn}
}


@article{Cohn71,
    author = {Cohn, P. M.},
    title = {The Embedding of Firs in Skew Fields},
    journal = {Proceedings of the London Mathematical Society},
    volume = {s3-23},
    number = {2},
    pages = {193-213},
    year = {1971},
    month = {10},
    issn = {0024-6115},
    doi = {10.1112/plms/s3-23.2.193},
    url = {https://dx.doi.org/10.1112/plms/s3-23.2.193},
    eprint = {http://oup.prod.sis.lan/plms/article-pdf/s3-23/2/193/4338970/s3-23-2-193.pdf},
}


@book{Cohn85,
	author = {Cohn, P. M.},
	title = {Free rings and their relations},
	year = {1985},
	edition = {2nd},
	publisher = {Academic Press, INC},
	address = {Orlando, Florida USA},
}

@book{Cohn95,
	title={Skew Fields: Theory of General Division Rings},
	author={Cohn, P.M.},
	isbn={9780521432177},
	lccn={95020221},
	series={Encyclopedia of Mathematics an},
	url={https://books.google.com/books?id=u-4ADgUgpSMC},
	year={1995},
	publisher={Cambridge University Press}
}


@book{Cohn06,
	title={Free Ideal Ring and Localizations in General Rings},
	author={Cohn, P.M.},
	isbn={9780511226274},
	year={2006},
	publisher={Cambridge University Press}
}





@article{DL82,
	author = {Warren Dicks and Jacques Lewin},
	title = {A {J}acobian conjecture for free associative algebras},
	journal = {Communications in Algebra},
	volume = {10},
	number = {12},
	pages = {1285-1306},
	year  = {1982},
	publisher = {Taylor & Francis},
	doi = {10.1080/00927878208822776},
}




@book{DrFo12,
	title={Polynomial Identity Rings},
	author={Drensky, V. and Formanek, E.},
	isbn={9783034879347},
	lccn={2004046881},
	series={Advanced Courses in Mathematics - CRM Barcelona},
	year={2012},
	publisher={Birkh{\"a}user Basel}
}





@article {DY07,
    AUTHOR = {Drensky, Vesselin and Yu, Jie-Tai},
     TITLE = {Tame automorphisms fixing a variable of free associative
              algebras of rank three},
   JOURNAL = {Internat. J. Algebra Comput.},
  FJOURNAL = {International Journal of Algebra and Computation},
    VOLUME = {17},
      YEAR = {2007},
    NUMBER = {5-6},
     PAGES = {999--1011},
      ISSN = {0218-1967},
   MRCLASS = {16S10 (16W20 16Z05)},
  MRNUMBER = {2355679},
MRREVIEWER = {Sorin D\u asc\u alescu},
       URL = {https://doi-org.lp.hscl.ufl.edu/10.1142/S0218196707004116},
}



@article {DY07b,
    AUTHOR = {Drensky, Vesselin and Yu, Jie-Tai},
     TITLE = {The strong {A}nick conjecture},
   JOURNAL = {Proc. Natl. Acad. Sci. USA},
  FJOURNAL = {Proceedings of the National Academy of Sciences of the United
              States of America},
    VOLUME = {103},
      YEAR = {2006},
    NUMBER = {13},
     PAGES = {4836--4840},
      ISSN = {1091-6490},
   MRCLASS = {16W20 (16S10)},
  MRNUMBER = {2217358},
MRREVIEWER = {Aleksandr A. Mikhalev},
       URL = {https://doi-org.lp.hscl.ufl.edu/10.1073/pnas.0509951103},
}





@book{SzNF70,
  title={Harmonic analysis of operators on Hilbert space},
  author={Sz{\"o}kefalvi-Nagy, B. and Foia{\c{s}}, C.},
  lccn={lc78097933},
  series={American Elsevier},
  url={https://books.google.com/books?id=ByLvAAAAMAAJ},
  year={1970},
  publisher={North-Holland Pub. Co.}
}


@article {Gro66,
	AUTHOR = {Grothendieck, A.},
	TITLE = {{\'E}l{\'e}ments de g{\'e}om{\'e}trie alg{\'e}brique
						(r{\'e}dig{\'e} avec la collaboration de {J}ean {D}ieudonn{\'e}): {IV}. {{\'E}}tude locale des
	      	sch{\'e}mas et des morphismes de sch{\'e}mas. {III}},
	JOURNAL = {Inst. Hautes {\'E}tudes Sci. Publ. Math.},
	FJOURNAL = {Institut des Hautes {\'E}tudes Scientifiques. Publications
	      		Math{\'e}matiques},
	YEAR = {1966},
	PAGES = {255},
	ISSN = {0073-8301},
	MRCLASS = {14.55},
	MRNUMBER = {0217086},
	MRREVIEWER = {J. P. Murre},
}

@article {Gro67,
    AUTHOR = {Grothendieck, A.},
     TITLE = {{\'E}l{\'e}ments de g{\'e}om{\'e}trie alg{\'e}brique
							(r{\'e}dig{\'e} avec la collaboration de {J}ean {D}ieudonn{\'e}): {IV}. {{\'E}}tude locale des
              sch{\'e}mas et des morphismes de sch{\'e}mas. {IV}},
   JOURNAL = {Inst. Hautes {\'E}tudes Sci. Publ. Math.},
  FJOURNAL = {Institut des Hautes {\'E}tudes Scientifiques. Publications
              Math{\'e}matiques},
      YEAR = {1967},
     PAGES = {361},
    VOLUME = {32},
      ISSN = {2167-5163},
   MRCLASS = {14.55},
  MRNUMBER = {0238860},
MRREVIEWER = {J. P. Murre},
}



@book{HoJo94,
	title={Topics in Matrix Analysis},
	author={Horn, R.A. and Johnson, C.R.},
	isbn={9780521467131},
	lccn={86023310},
	series={Topics in Matrix Analysis},
	year={1994},
	publisher={Cambridge University Press}
}





@article{HM04,
	title={A Positivstellensatz for non-commutative polynomials},
	author={J. William Helton and McCullough, Scott},
	journal={Transactions of the American Mathematical Society},
	volume={356},
	number={9},
	pages={3721--3737},
	year={2004}
}


@article{HMV06,
	title = {Noncommutative convexity arises from linear matrix inequalities},
	journal = {Journal of Functional Analysis},
	volume = {240},
	number = {1},
	pages = {105 - 191},
	year = {2006},
	issn = {0022-1236},
	doi = {https://doi.org/10.1016/j.jfa.2006.03.018},
	url = {http://www.sciencedirect.com/science/article/pii/S0022123606001352},
	author = {J. William Helton and Scott A. McCullough and Victor Vinnikov},
	keywords = {Noncommutative (NC) rational functions, Matrix convexity, Noncommutative convexity, Linear matrix inequalities, Matrix inequalities, Determinantal representations, Noncommutative realizations},
}



@article{HKM11,
	title ={Proper analytic free maps},
	author ={J. William Helton and Igor Klep and Scott McCullough},
	journal ={Journal of Functional Analysis},
	volume ={260},
	number ={5},
	pages ={1476 - 1490},
	year ={2011},
	note ={},
	issn ={0022-1236},
	doi ={http://dx.doi.org/10.1016/j.jfa.2010.11.007}
}




@Inbook{HKM12,
	author={Helton, J. William 
	and Klep, Igor
	and McCullough, Scott},
	title={Free Analysis, Convexity and LMI Domains},
	bookTitle={Mathematical Methods in Systems, Optimization, and Control: Festschrift in Honor of J. William Helton},
	year={2012},
	publisher={Springer Basel},
	address={Basel},
	pages={195--219},
	isbn={978-3-0348-0411-0},
	doi={10.1007/978-3-0348-0411-0_15},
	url={http://dx.doi.org/10.1007/978-3-0348-0411-0_15},
}






@article{K-VV09,
	title = {Singularities of rational functions and minimal factorizations: The noncommutative and the commutative setting},
	journal = {Linear Algebra and its Applications},
	volume = {430},
	number = {4},
	pages = {869 - 889},
	year = {2009},
	issn = {0024-3795},
	doi = {https://doi.org/10.1016/j.laa.2008.08.027},
	url = {http://www.sciencedirect.com/science/article/pii/S0024379508003893},
	author = {Dmitry S. Kaliuzhnyi-Verbovetskyi and Victor Vinnikov},
	keywords = {Singularities, Rational function, Noncommutative, Minimal realization, Minimal factorization},
}



@Article{K-VV12,
	author = {Kaliuzhnyi-Verbovetskyi, Dmitry S.
	and Vinnikov, Victor},
	title = {Noncommutative rational functions, their difference-differential calculus and realizations},
	journal = {Multidimensional Systems and Signal Processing},
	year = {2012},
	month = {Jun},
	day = {01},
	volume = {23},
	number = {1},
	pages = {49--77},
	issn = {1573-0824},
	doi = {10.1007/s11045-010-0122-3},
	url = {https://doi.org/10.1007/s11045-010-0122-3}
}


@book{K-VV14,
	title={Foundations of Free Noncommutative Function Theory: },
	author={Kaliuzhnyi-Verbovetskyi, D.S. and Vinnikov, V.},
	isbn={9781470416973},
	lccn={14025799},
	series={Mathematical Surveys and Monographs},
	year={2014},
	publisher={American Mathematical Society}
}








@article{KlVo17,
	title = {Free loci of matrix pencils and domains of noncommutative rational functions},
	author = {Klep, I. and Vol{\v c}i{\v c}, J.},
	journal = {Commentarii Mathematici Helvetici},
	volume = {92},
	number = {1},
	pages = {105--130},
	year = {2017},
	note = {},
}




@misc{KVV16,
	title ={Multipartite rational functions},
	year ={2016},
	url ={https://arxiv.org/abs/1509.03316},
	author ={Igor Klep and Victor Vinnikov and Jurij Vol{\v c}i{\v c}},
}





@article{Man20,
	title = {Inverse and implicit function theorems for noncommutative functions on operator domains},
	author = {Mark E. Mancuso},
	journal = {Journal of Operator Theory},
	volume = {83},
	number = {2},
	year = {2020},
	pages = {447--473},
	url = {http://dx.doi.org/10.7900/jot.2018oct21.2237}
}





@article{PW95,
	author = {H.J. Park and C. Woodburn},
	title = {An Algorithmic Proof of {S}uslin's Stability Theorem for Polynomial Rings},
	journal = {Journal of Algebra},
	volume = {178},
	number = {1},
	pages = {277 - 298},
	year = {1995},
	issn = {0021-8693},
	doi = {https://doi.org/10.1006/jabr.1995.1349},
	url = {http://www.sciencedirect.com/science/article/pii/S002186938571349X},
}





@Article{Pas14,
	author={Pascoe, J. E.},
	title={The inverse function theorem and the Jacobian conjecture for free analysis},
	journal={Mathematische Zeitschrift},
	year={2014},
	volume={278},
	number={3},
	pages={987--994},
	issn={1432-1823},
	doi={10.1007/s00209-014-1342-2},
	url={http://dx.doi.org/10.1007/s00209-014-1342-2},
}




@article{Pas19,
	title = {An elementary method to compute the algebra generated by some given matrices and its dimension},
	journal = {Linear Algebra and its Applications},
	volume = {571},
	pages = {132 - 142},
	year = {2019},
	issn = {0024-3795},
	doi = {https://doi.org/10.1016/j.laa.2019.02.021},
	url = {http://www.sciencedirect.com/science/article/pii/S0024379519300898},
	author = {J.E. Pascoe},
	keywords = {Calculation of matrix algebras from generators, Dimension of matrix algebras, Bases for matrix algebras},
	abstract = {We give an efficient solution to the following problem: Given X1,…Xd and Y some n by n matrices can we determine if Y is in 
	the unital algebra generated by X1,…,Xd as a subalgebra of all n by n matrices? The solution also gives an easy method for computing the 
	dimension of this algebra.}
}



@misc{Pas20,
	title = {Noncommutative free universal monodromy, pluriharmonic conjugates, and plurisubharmonicity},
	author = {J.E. Pascoe},
	year = {2020},
	url = {https://arxiv.org/abs/2002.07801}
}







@article{Pop06,
	author ={Gelu Popescu},
	title ={Free holomorphic functions on the unit ball of B(H)n},
	journal ={Journal of Functional Analysis},
	volume ={241},
	number ={1},
	pages ={268 - 333},
	year ={2006},
	issn ={0022-1236},
	doi ={https://doi.org/10.1016/j.jfa.2006.07.004}
}


@article{Pop10,
	author ={Gelu Popescu},
	title ={Free holomorphic functions on the unit ball of B(H)n, II},
	journal ={Journal of Functional Analysis},
	volume ={258},
	number ={5},
	pages ={1513 - 1578},
	year ={2010},
	issn ={0022-1236},
	doi ={https://doi.org/10.1016/j.jfa.2009.10.014}
}


 @article{Pro76,
	title = {The invariant theory of n x n matrices},
	author ={C Procesi},
	journal = {Advances in Mathematics},
	volume = {19},
	number = {3},
	pages = {306--381},
	year = {1976},
	note ={},
	issn ={0001-8708},
	doi ={http://dx.doi.org/10.1016/0001-8708(76)90027-X},
	url ={http://www.sciencedirect.com/science/article/pii/000187087690027X}
 }
 
 
 

@book{Row80,
	title={Polynomial Identities in Ring Theory},
	author={Rowen, L.H.},
	isbn={9780080874005},
	series={Pure and Applied Mathematics},
	year={1980},
	publisher={Elsevier Science}
}





@article{Reu92,
	author = {Christophe Reutenauer},
	title = {Applications of a noncommutative jacobian matrix},
	journal = {Journal of Pure and Applied Algebra},
	volume = {77},
	number = {2},
	pages = {169 - 181},
	year = {1992},
	issn = {0022-4049}
}






@book{Sch85,
	place={Cambridge}, 
	series={London Mathematical Society Lecture Note Series}, 
	title={Representations of Rings over Skew Fields}, 
	DOI={10.1017/CBO9780511661914}, 
	publisher={Cambridge University Press}, 
	author={Schofield, A. H.}, 
	year={1985}, 
	collection={London Mathematical Society Lecture Note Series}
}




@book{Sta11,
	author = {Stanley, Richard P.},
	title = {Enumerative Combinatorics: Volume 1},
	year = {2011},
	isbn = {1107602629, 9781107602625},
	edition = {2nd},
	publisher = {Cambridge University Press},
	address = {New York, NY, USA},
}






@article{Tay73,
	author ={Taylor, Joseph L.},
	fjournal ={Bulletin of the American Mathematical Society},
	journal ={Bull. Amer. Math. Soc.},
	month ={01},
	number ={1},
	pages ={1--34},
	publisher ={American Mathematical Society},
	title ={Functions of several noncommuting variables},
	volume ={79},
	year ={1973}
}









@article {SU03,
    AUTHOR = {Shestakov, Ivan P. and Umirbaev, Ualbai U.},
     TITLE = {The {N}agata automorphism is wild},
   JOURNAL = {Proc. Natl. Acad. Sci. USA},
  FJOURNAL = {Proceedings of the National Academy of Sciences of the United
              States of America},
    VOLUME = {100},
      YEAR = {2003},
    NUMBER = {22},
     PAGES = {12561--12563},
      ISSN = {1091-6490},
   MRCLASS = {13F20 (14R10)},
  MRNUMBER = {2017754},
       URL = {https://doi-org.lp.hscl.ufl.edu/10.1073/pnas.1735483100},
}




@article{Swe70,
	URL = {http://www.jstor.org/stable/2373506},
	author = {Moss Eisenberg Sweedler},
	journal = {American Journal of Mathematics},
	number = {1},
	pages = {259--271},
	publisher = {Johns Hopkins University Press},
	title = {A Units Theorem Applied to Hopf Algebras and Amitsur Cohomology},
	volume = {92},
	year = {1970}
}







@article {UY04,
    AUTHOR = {Umirbaev, Ualbai U. and Yu, Jie-Tai},
     TITLE = {The strong {N}agata conjecture},
   JOURNAL = {Proc. Natl. Acad. Sci. USA},
  FJOURNAL = {Proceedings of the National Academy of Sciences of the United
              States of America},
    VOLUME = {101},
      YEAR = {2004},
    NUMBER = {13},
     PAGES = {4352--4355},
      ISSN = {1091-6490},
   MRCLASS = {13F20 (14R10)},
  MRNUMBER = {2055075},
MRREVIEWER = {Arno van den Essen},
       URL = {https://doi-org.lp.hscl.ufl.edu/10.1073/pnas.0308157101},
}

@article {U07,
    AUTHOR = {Umirbaev, U. U.},
     TITLE = {The {A}nick automorphism of free associative algebras},
   JOURNAL = {J. Reine Angew. Math.},
  FJOURNAL = {Journal f\"ur die Reine und Angewandte Mathematik. [Crelle's
              Journal]},
    VOLUME = {605},
      YEAR = {2007},
     PAGES = {165--178},
      ISSN = {0075-4102},
   MRCLASS = {16S10 (16W20)},
  MRNUMBER = {2338130},
MRREVIEWER = {Plamen Koshlukov},
       URL = {https://doi-org.lp.hscl.ufl.edu/10.1515/CRELLE.2007.030},
}

@article {U06,
    AUTHOR = {Umirbaev, U. U.},
     TITLE = {Defining relations of the tame automorphism group of
              polynomial algebras in three variables},
   JOURNAL = {J. Reine Angew. Math.},
  FJOURNAL = {Journal f\"ur die Reine und Angewandte Mathematik. [Crelle's
              Journal]},
    VOLUME = {600},
      YEAR = {2006},
     PAGES = {203--235},
      ISSN = {0075-4102},
   MRCLASS = {14R10 (20F05)},
  MRNUMBER = {2283804},
MRREVIEWER = {M. Kh. Gizatullin},
       URL = {https://doi-org.lp.hscl.ufl.edu/10.1515/CRELLE.2006.092},
}






@book {vdE00,
    AUTHOR = {van den Essen, Arno},
     TITLE = {Polynomial automorphisms and the {J}acobian conjecture},
    SERIES = {Progress in Mathematics},
    VOLUME = {190},
 PUBLISHER = {Birkh\"auser Verlag, Basel},
      YEAR = {2000},
     PAGES = {xviii+329},
      ISBN = {3-7643-6350-9},
   MRCLASS = {14R15 (13N15 13P10 14R10 34D23)},
  MRNUMBER = {1790619},
MRREVIEWER = {L. Andrew Campbell},
       URL = {https://doi-org.lp.hscl.ufl.edu/10.1007/978-3-0348-8440-2},
}





@article{Vol18,
	title = {Matrix coefficient realization theory of noncommutative rational functions},
	author = {Jurij Vol{\v c}i{\v c}},
	journal = {Journal of Algebra},
	volume = {499},
	pages = {397 - 437},
	year = {2018},
	issn = {0021-8693},
	doi = {https://doi.org/10.1016/j.jalgebra.2017.12.009},
	url = {http://www.sciencedirect.com/science/article/pii/S0021869317306634},
}



